<record><leader>00000cas a22000007a 4500</leader><controlfield tag="001">21193719</controlfield><controlfield tag="008">900309d18421844nyuwr ne      0    0eng d</controlfield><datafield ind1=" " ind2=" " tag="010"><subfield code="a">sn 90066135 </subfield></datafield><datafield ind1=" " ind2=" " tag="040"><subfield code="a">NYG</subfield><subfield code="b">eng</subfield><subfield code="c">NYG</subfield><subfield code="d">NYS</subfield><subfield code="d">OCL</subfield><subfield code="d">OCLCQ</subfield><subfield code="d">OCLCF</subfield><subfield code="d">OCLCO</subfield></datafield><datafield ind1="1" ind2=" " tag="029"><subfield code="a">AU@</subfield><subfield code="b">000020123650</subfield></datafield><datafield ind1=" " ind2=" " tag="042"><subfield code="a">msc</subfield></datafield><datafield ind1=" " ind2=" " tag="043"><subfield code="a">n-us-ny</subfield></datafield><datafield ind1="0" ind2="0" tag="245"><subfield code="a">Dutchess free press.</subfield></datafield><datafield ind1=" " ind2=" " tag="260"><subfield code="a">Poughkeepsie [N.Y.] :</subfield><subfield code="b">F.W. Ritter,</subfield><subfield code="c">1842-</subfield></datafield><datafield ind1=" " ind2=" " tag="300"><subfield code="a">v.</subfield></datafield><datafield ind1=" " ind2=" " tag="310"><subfield code="a">Weekly</subfield></datafield><datafield ind1="0" ind2=" " tag="362"><subfield code="a">Vol. 2, no. 7 (July 20, 1842)-</subfield></datafield><datafield ind1="1" ind2=" " tag="362"><subfield code="a">Ceased in 1844?</subfield></datafield><datafield ind1=" " ind2="0" tag="651"><subfield code="a">Poughkeepsie (N.Y.)</subfield><subfield code="v">Newspapers.</subfield></datafield><datafield ind1=" " ind2="7" tag="655"><subfield code="a">Newspapers.</subfield><subfield code="2">fast</subfield><subfield code="0">(OCoLC)fst01423814</subfield></datafield><datafield ind1=" " ind2="7" tag="651"><subfield code="a">New York (State)</subfield><subfield code="z">Poughkeepsie.</subfield><subfield code="2">fast</subfield><subfield code="0">(OCoLC)fst01214704</subfield></datafield><datafield ind1=" " ind2=" " tag="752"><subfield code="a">United States</subfield><subfield code="b">New York</subfield><subfield code="c">Dutchess</subfield><subfield code="d">Poughkeepsie.</subfield></datafield><datafield ind1="0" ind2="0" tag="780"><subfield code="t">Free press (Poughkeepsie, N.Y.)</subfield><subfield code="w">(DLC)sn 90066134</subfield><subfield code="w">(OCoLC)21193715</subfield></datafield></record>